<?xml version="1.0" encoding="UTF-8"?><collection xmlns="http://www.loc.gov/MARC21/slim"><record><leader>00310nam--2200133-i-4500</leader><controlfield tag="001">000045611</controlfield><controlfield tag="002">20161230</controlfield><controlfield tag="005">20161230201045</controlfield><controlfield tag="008">060222s1000------------r-----000-0-eng-d</controlfield><datafield ind1=" " ind2=" " tag="080"><subfield code="a">621.382.3</subfield></datafield><datafield ind1=" " ind2=" " tag="100"><subfield code="a">Turner, Rufus P</subfield></datafield><datafield ind1=" " ind2=" " tag="245"><subfield code="a">F.e.t.circuits</subfield></datafield><datafield ind1=" " ind2=" " tag="260"><subfield code="a">Slough, Foulsham-sams, 1968, 160p</subfield></datafield><datafield ind1=" " ind2=" " tag="852"><subfield code="a">29885</subfield></datafield></record></collection>